<record><leader>00000cas a22000007a 4500</leader><controlfield tag="001">11329460</controlfield><controlfield tag="008">841031d18781914inuwr ne      0    0ger d</controlfield><datafield ind1=" " ind2=" " tag="010"><subfield code="a">sn 84045421 </subfield></datafield><datafield ind1=" " ind2=" " tag="040"><subfield code="a">NPI</subfield><subfield code="b">eng</subfield><subfield code="c">NPI</subfield><subfield code="d">OCLCQ</subfield><subfield code="d">IUL</subfield><subfield code="d">OCLCQ</subfield><subfield code="d">OCLCF</subfield></datafield><datafield ind1=" " ind2=" " tag="042"><subfield code="a">msc</subfield></datafield><datafield ind1=" " ind2=" " tag="043"><subfield code="a">n-us-in</subfield></datafield><datafield ind1="0" ind2="0" tag="245"><subfield code="a">Wo&#776;chentliches Huntingburgh Signal.</subfield></datafield><datafield ind1=" " ind2=" " tag="260"><subfield code="a">Huntingburgh, Dubois County, Ind. :</subfield><subfield code="b">Signal Cie,</subfield><subfield code="c">1878-</subfield></datafield><datafield ind1=" " ind2=" " tag="300"><subfield code="a">v. :</subfield><subfield code="b">ill. (chiefly advertisements) ;</subfield><subfield code="c">61 cm.</subfield></datafield><datafield ind1=" " ind2=" " tag="310"><subfield code="a">Weekly</subfield></datafield><datafield ind1="0" ind2=" " tag="362"><subfield code="a">Jahrg. 10, Nr. 41 (3. Jan. 1878)-</subfield></datafield><datafield ind1="1" ind2=" " tag="362"><subfield code="a">Ceased in 1914.</subfield></datafield><datafield ind1=" " ind2=" " tag="500"><subfield code="a">Democrat.</subfield></datafield><datafield ind1=" " ind2="0" tag="650"><subfield code="a">Germans</subfield><subfield code="z">Indiana</subfield><subfield code="v">Newspapers.</subfield></datafield><datafield ind1=" " ind2="0" tag="651"><subfield code="a">Huntingburg (Ind.)</subfield><subfield code="v">Newspapers.</subfield></datafield><datafield ind1=" " ind2="0" tag="651"><subfield code="a">Dubois County (Ind.)</subfield><subfield code="v">Newspapers.</subfield></datafield><datafield ind1=" " ind2="7" tag="655"><subfield code="a">Newspapers.</subfield><subfield code="2">fast</subfield><subfield code="0">(OCoLC)fst01423814</subfield></datafield><datafield ind1=" " ind2="7" tag="650"><subfield code="a">Germans.</subfield><subfield code="2">fast</subfield><subfield code="0">(OCoLC)fst00942100</subfield></datafield><datafield ind1=" " ind2="7" tag="651"><subfield code="a">Indiana.</subfield><subfield code="2">fast</subfield><subfield code="0">(OCoLC)fst01204604</subfield></datafield><datafield ind1=" " ind2="7" tag="651"><subfield code="a">Indiana</subfield><subfield code="z">Dubois County.</subfield><subfield code="2">fast</subfield><subfield code="0">(OCoLC)fst01209375</subfield></datafield><datafield ind1=" " ind2="7" tag="651"><subfield code="a">Indiana</subfield><subfield code="z">Huntingburg.</subfield><subfield code="2">fast</subfield><subfield code="0">(OCoLC)fst01227013</subfield></datafield><datafield ind1=" " ind2=" " tag="752"><subfield code="a">United States</subfield><subfield code="b">Indiana</subfield><subfield code="c">Dubois</subfield><subfield code="d">Huntingburg.</subfield></datafield><datafield ind1="0" ind2="0" tag="780"><subfield code="t">Huntingburgh Signal</subfield><subfield code="w">(DLC)sn 84027396</subfield></datafield><datafield ind1="0" ind2="0" tag="785"><subfield code="t">Huntingburg signal</subfield><subfield code="w">(DLC)sn 84045422</subfield></datafield></record>